
@article{cruz_gonzalez_2017,
  author       = {Cruz-Gonzalez, M. and Fern√°ndez-Val, I. and Weidner, M.},
  title        = {Bias corrections for probit and logit models with two-way 
                  fixed effects},
  journal      = {The Stata Journal},
  year         = {2017},
  volume       = {17},
  number       = {3},
  pages        = {517--545}
}


@book{wooldridge2010,
  title     = {Econometric Analysis of Cross Section and Panel Data},
  author    = {Wooldridge, Jeffrey M.},
  year      = {2010},
  edition   = {2nd},
  publisher = {MIT Press},
  address   = {Cambridge, MA}
}

























